@online{borowiec2024layouts,
  author    = {{Borowiec, Rafał}},
  title     = {Thymeleaf Page Layouts},
  year      = 2024,
  url       = {https://www.thymeleaf.org/doc/articles/layouts.html},
  note      = {19. November 2024}
}

@online{hedley2024jsoup,
  author    = {{Hedley, Jonathan}},
  title     = {Use CSS selectors to find elements},
  year      = 2024,
  url       = {https://jsoup.org/cookbook/extracting-data/selector-syntax},
  note      = {19. November 2024}
}

@online{vmware2024webmvctest,
  author    = {{VMware}},
  title     = {Annotation Interface WebMvcTest},
  year      = 2024,
  url       = {https://docs.spring.io/spring-boot/api/java/org/springframework/boot/test/autoconfigure/web/servlet/WebMvcTest.html},
  note      = {19. November 2024}
}

@online{fvn2024dufbest,
  author    = {{Fussballverband Niederrhein (FVN)}},
  title     = {Durchfuehrungsbestimmungen für den Spielbetrieb der Juniorenspielklassen auf Kreisebene für die Saison 2024/2025},
  year      = 2024,
  url       = {https://fvn.de/media/duf__best_kreis.pdf},
  note      = {19. November 2024}
}

@online{dfb2024regeln,
  author    = {{Deutscher Fussball-Bund (DFB)}},
  title     = {Fussball-Regeln 2024/2025},
  year      = 2024,
  url       = {https://assets.dfb.de/uploads/000/309/175/original_308598-Regelheft24-25.pdf?1725278229},
  note      = {19. November 2024}
}

@Book(beck2003tdd,
  Author	= {Beck, Kent},
  Title		= {Test-Driven Development: By Example},
  Year		= 2003,
  Publisher	= {Addison-Wesley},
  Address	= {Boston, MA, USA}
)


@Book(abrial1996b,
  Author	= {Abrial, Jean-Raymond},
  Title		= {The {B}-Book: Assigning Programs to Meanings},
  Year		= 1996,
  Publisher	= {Cambridge University Press},
  Address	= {New York, NY, USA}
)

@Book(abrial2010modeling,
  Author	= {Abrial, Jean-Raymond},
  Title		= {Modeling in {Event}-{B}: System and Software Engineering},
  Year		= 2010,
  Publisher	= {Cambridge University Press},
  Address	= {New York, NY, USA}
)

@Book(carlsson1988sicstus,
  Author	= {Carlsson, Mats and Widen, Johan and Andersson, Johan and Andersson, Stefan and Boortz, Kent and Nilsson, Hans and Sj{\"o}land, Thomas},
  Title		= {{SICStus} Prolog User's Manual},
  Year		= 1988,
  Volume	= 3,
  Publisher	= {Swedish Institute of Computer Science},
  Address	= {Kista, Sweden},
  Number	= 1
)

@Article(leuschel2008prob,
  Author	= {Leuschel, Michael and Butler, Michael},
  Title		= {{ProB}: An Automated Analysis Toolset for the {B} Method},
  Year		= 2008,
  Month		= mar,
  Journal	= {International Journal on Software Tools for Technology Transfer},
  Volume	= 10,
  Pages		= {185--203},
  Number	= 2
)

@InProceedings(leuschel2003prob,
  Author	= {Leuschel, Michael and Butler, Michael},
  Title		= {{ProB}: A Model Checker for {B}},
  Year		= 2003,
  Month		= sep,
  Booktitle	= {{FME} 2003: Formal Methods},
  Series	= {LNCS},
  Volume	= 2805,
  Pages		= {855--874},
  Publisher	= {Springer},
  Address	= {Berlin, Heidelberg}
)
